%YAML 1.1
%TAG !u! tag:unity3d.com,2011:
--- !u!1 &1895407380486562534
GameObject:
  m_ObjectHideFlags: 0
  m_CorrespondingSourceObject: {fileID: 0}
  m_PrefabInstance: {fileID: 0}
  m_PrefabAsset: {fileID: 0}
  serializedVersion: 6
  m_Component:
  - component: {fileID: 1825097989831523170}
  - component: {fileID: 1827625101208804570}
  - component: {fileID: 2008324858444551932}
  m_Layer: 5
  m_Name: PanelInputFields
  m_TagString: Untagged
  m_Icon: {fileID: 0}
  m_NavMeshLayer: 0
  m_StaticEditorFlags: 0
  m_IsActive: 1
--- !u!224 &1825097989831523170
RectTransform:
  m_ObjectHideFlags: 0
  m_CorrespondingSourceObject: {fileID: 0}
  m_PrefabInstance: {fileID: 0}
  m_PrefabAsset: {fileID: 0}
  m_GameObject: {fileID: 1895407380486562534}
  m_LocalRotation: {x: 0, y: 0, z: 0, w: 1}
  m_LocalPosition: {x: 0, y: 0, z: 0}
  m_LocalScale: {x: 1, y: 1, z: 1}
  m_Children:
  - {fileID: 1825725211524041130}
  - {fileID: 6065561529499508448}
  - {fileID: 1246012650345380396}
  m_Father: {fileID: 1825244527194366544}
  m_RootOrder: 1
  m_LocalEulerAnglesHint: {x: 0, y: 0, z: 0}
  m_AnchorMin: {x: 0, y: 0.1}
  m_AnchorMax: {x: 1, y: 0.9}
  m_AnchoredPosition: {x: 0, y: 0}
  m_SizeDelta: {x: 0, y: 0}
  m_Pivot: {x: 0.5, y: 0.5}
--- !u!222 &1827625101208804570
CanvasRenderer:
  m_ObjectHideFlags: 0
  m_CorrespondingSourceObject: {fileID: 0}
  m_PrefabInstance: {fileID: 0}
  m_PrefabAsset: {fileID: 0}
  m_GameObject: {fileID: 1895407380486562534}
  m_CullTransparentMesh: 0
--- !u!114 &2008324858444551932
MonoBehaviour:
  m_ObjectHideFlags: 0
  m_CorrespondingSourceObject: {fileID: 0}
  m_PrefabInstance: {fileID: 0}
  m_PrefabAsset: {fileID: 0}
  m_GameObject: {fileID: 1895407380486562534}
  m_Enabled: 1
  m_EditorHideFlags: 0
  m_Script: {fileID: 1297475563, guid: f70555f144d8491a825f0804e09c671c, type: 3}
  m_Name: 
  m_EditorClassIdentifier: 
  m_Padding:
    m_Left: 0
    m_Right: 0
    m_Top: 0
    m_Bottom: 0
  m_ChildAlignment: 4
  m_Spacing: 8.7
  m_ChildForceExpandWidth: 0
  m_ChildForceExpandHeight: 0
  m_ChildControlWidth: 0
  m_ChildControlHeight: 0
--- !u!1 &1895688742607711042
GameObject:
  m_ObjectHideFlags: 0
  m_CorrespondingSourceObject: {fileID: 0}
  m_PrefabInstance: {fileID: 0}
  m_PrefabAsset: {fileID: 0}
  serializedVersion: 6
  m_Component:
  - component: {fileID: 1825244527194366544}
  - component: {fileID: 1827405914754699598}
  - component: {fileID: 2004359893558449298}
  - component: {fileID: 1831245153090379754}
  - component: {fileID: 2007913851566239934}
  m_Layer: 5
  m_Name: PanelLogin2Campos
  m_TagString: Untagged
  m_Icon: {fileID: 0}
  m_NavMeshLayer: 0
  m_StaticEditorFlags: 0
  m_IsActive: 0
--- !u!224 &1825244527194366544
RectTransform:
  m_ObjectHideFlags: 0
  m_CorrespondingSourceObject: {fileID: 0}
  m_PrefabInstance: {fileID: 0}
  m_PrefabAsset: {fileID: 0}
  m_GameObject: {fileID: 1895688742607711042}
  m_LocalRotation: {x: 0, y: 0, z: 0, w: 1}
  m_LocalPosition: {x: 0, y: 0, z: 0}
  m_LocalScale: {x: 1, y: 1, z: 1}
  m_Children:
  - {fileID: 5101275617280633209}
  - {fileID: 1825097989831523170}
  - {fileID: 8399420947905291068}
  m_Father: {fileID: 0}
  m_RootOrder: 0
  m_LocalEulerAnglesHint: {x: 0, y: 0, z: 0}
  m_AnchorMin: {x: 0.5, y: 0.5}
  m_AnchorMax: {x: 0.5, y: 0.5}
  m_AnchoredPosition: {x: 0, y: 0}
  m_SizeDelta: {x: 825, y: 548.7}
  m_Pivot: {x: 0.5, y: 0.5}
--- !u!222 &1827405914754699598
CanvasRenderer:
  m_ObjectHideFlags: 0
  m_CorrespondingSourceObject: {fileID: 0}
  m_PrefabInstance: {fileID: 0}
  m_PrefabAsset: {fileID: 0}
  m_GameObject: {fileID: 1895688742607711042}
  m_CullTransparentMesh: 0
--- !u!114 &2004359893558449298
MonoBehaviour:
  m_ObjectHideFlags: 0
  m_CorrespondingSourceObject: {fileID: 0}
  m_PrefabInstance: {fileID: 0}
  m_PrefabAsset: {fileID: 0}
  m_GameObject: {fileID: 1895688742607711042}
  m_Enabled: 1
  m_EditorHideFlags: 0
  m_Script: {fileID: -765806418, guid: f70555f144d8491a825f0804e09c671c, type: 3}
  m_Name: 
  m_EditorClassIdentifier: 
  m_Material: {fileID: 0}
  m_Color: {r: 1, g: 1, b: 1, a: 1}
  m_RaycastTarget: 0
  m_OnCullStateChanged:
    m_PersistentCalls:
      m_Calls: []
    m_TypeName: UnityEngine.UI.MaskableGraphic+CullStateChangedEvent, UnityEngine.UI,
      Version=1.0.0.0, Culture=neutral, PublicKeyToken=null
  m_Sprite: {fileID: 21300012, guid: 1411ad9b2451db34cbde2d7367324aab, type: 3}
  m_Type: 1
  m_PreserveAspect: 0
  m_FillCenter: 1
  m_FillMethod: 4
  m_FillAmount: 1
  m_FillClockwise: 1
  m_FillOrigin: 0
  m_UseSpriteMesh: 0
--- !u!225 &1831245153090379754
CanvasGroup:
  m_ObjectHideFlags: 0
  m_CorrespondingSourceObject: {fileID: 0}
  m_PrefabInstance: {fileID: 0}
  m_PrefabAsset: {fileID: 0}
  m_GameObject: {fileID: 1895688742607711042}
  m_Enabled: 1
  m_Alpha: 1
  m_Interactable: 1
  m_BlocksRaycasts: 1
  m_IgnoreParentGroups: 0
--- !u!114 &2007913851566239934
MonoBehaviour:
  m_ObjectHideFlags: 0
  m_CorrespondingSourceObject: {fileID: 0}
  m_PrefabInstance: {fileID: 0}
  m_PrefabAsset: {fileID: 0}
  m_GameObject: {fileID: 1895688742607711042}
  m_Enabled: 1
  m_EditorHideFlags: 0
  m_Script: {fileID: 11500000, guid: a5e91ec99a7843343be16a6f9a30a990, type: 3}
  m_Name: 
  m_EditorClassIdentifier: 
  soAnimationsCurvePanelUI: {fileID: 11400000, guid: f4a492932eae0c2418d1602bcd557c5c,
    type: 2}
  soImageBackgroundPanelConfiguration: {fileID: 11400000, guid: 6d9e87281e7bf434a9819cb7856cb299,
    type: 2}
  callEventOnShow: 0
  seShowPanel: {fileID: 11400000, guid: c7f001b742ab622439e4204d08cbf4c5, type: 2}
  callEventHidde: 0
  seHiddePanel: {fileID: 11400000, guid: 49b01dfebdd739840a3b73509a68bc3e, type: 2}
  inputUsuario: {fileID: 4933517501689277293}
  inputPassword: {fileID: 76822821819502497}
  textUsuarioPlaceHolder: {fileID: 5779664964699526066}
  textPasswordPlaceHolder: {fileID: 1536558006827939710}
  textButtonIniciar: {fileID: 8744867997575569732}
  buttonIniciar: {fileID: 8509993311302733030}
  seOnLogin: {fileID: 11400000, guid: dcf67716b0da33142a3570a2c810b780, type: 2}
  seOnInputsLogin2InputsCorrect: {fileID: 11400000, guid: cb6a5fe36c81ebd49a6e8246bcd7cf30,
    type: 2}
  refSoSecurityConfiguration: {fileID: 11400000, guid: 8d91999826e89df44939cd18c86c55bd,
    type: 2}
  soSecurityData: {fileID: 11400000, guid: b7bf4af24e1a0094881782249113c590, type: 2}
--- !u!1 &1895695101941461502
GameObject:
  m_ObjectHideFlags: 0
  m_CorrespondingSourceObject: {fileID: 0}
  m_PrefabInstance: {fileID: 0}
  m_PrefabAsset: {fileID: 0}
  serializedVersion: 6
  m_Component:
  - component: {fileID: 1825725211524041130}
  - component: {fileID: 1827974933165097766}
  - component: {fileID: 2004300730961794322}
  m_Layer: 5
  m_Name: Image
  m_TagString: Untagged
  m_Icon: {fileID: 0}
  m_NavMeshLayer: 0
  m_StaticEditorFlags: 0
  m_IsActive: 1
--- !u!224 &1825725211524041130
RectTransform:
  m_ObjectHideFlags: 0
  m_CorrespondingSourceObject: {fileID: 0}
  m_PrefabInstance: {fileID: 0}
  m_PrefabAsset: {fileID: 0}
  m_GameObject: {fileID: 1895695101941461502}
  m_LocalRotation: {x: 0, y: 0, z: 0, w: 1}
  m_LocalPosition: {x: 0, y: 0, z: 0}
  m_LocalScale: {x: 1, y: 1, z: 1}
  m_Children: []
  m_Father: {fileID: 1825097989831523170}
  m_RootOrder: 0
  m_LocalEulerAnglesHint: {x: 0, y: 0, z: 0}
  m_AnchorMin: {x: 0, y: 1}
  m_AnchorMax: {x: 0, y: 1}
  m_AnchoredPosition: {x: 412.5, y: -130.78}
  m_SizeDelta: {x: 120, y: 181.7}
  m_Pivot: {x: 0.5, y: 0.5}
--- !u!222 &1827974933165097766
CanvasRenderer:
  m_ObjectHideFlags: 0
  m_CorrespondingSourceObject: {fileID: 0}
  m_PrefabInstance: {fileID: 0}
  m_PrefabAsset: {fileID: 0}
  m_GameObject: {fileID: 1895695101941461502}
  m_CullTransparentMesh: 0
--- !u!114 &2004300730961794322
MonoBehaviour:
  m_ObjectHideFlags: 0
  m_CorrespondingSourceObject: {fileID: 0}
  m_PrefabInstance: {fileID: 0}
  m_PrefabAsset: {fileID: 0}
  m_GameObject: {fileID: 1895695101941461502}
  m_Enabled: 1
  m_EditorHideFlags: 0
  m_Script: {fileID: -765806418, guid: f70555f144d8491a825f0804e09c671c, type: 3}
  m_Name: 
  m_EditorClassIdentifier: 
  m_Material: {fileID: 0}
  m_Color: {r: 1, g: 1, b: 1, a: 1}
  m_RaycastTarget: 0
  m_OnCullStateChanged:
    m_PersistentCalls:
      m_Calls: []
    m_TypeName: UnityEngine.UI.MaskableGraphic+CullStateChangedEvent, UnityEngine.UI,
      Version=1.0.0.0, Culture=neutral, PublicKeyToken=null
  m_Sprite: {fileID: 21300000, guid: 1411ad9b2451db34cbde2d7367324aab, type: 3}
  m_Type: 0
  m_PreserveAspect: 1
  m_FillCenter: 1
  m_FillMethod: 4
  m_FillAmount: 1
  m_FillClockwise: 1
  m_FillOrigin: 0
  m_UseSpriteMesh: 0
--- !u!1001 &1677382048235529054
PrefabInstance:
  m_ObjectHideFlags: 0
  serializedVersion: 2
  m_Modification:
    m_TransformParent: {fileID: 1825244527194366544}
    m_Modifications:
    - target: {fileID: 5950498107782074715, guid: 160f93505d357b94f8f8d93252f785b7,
        type: 3}
      propertyPath: m_Name
      value: HeaderWindowWithText
      objectReference: {fileID: 0}
    - target: {fileID: 5876103708440103463, guid: 160f93505d357b94f8f8d93252f785b7,
        type: 3}
      propertyPath: m_LocalPosition.x
      value: 0
      objectReference: {fileID: 0}
    - target: {fileID: 5876103708440103463, guid: 160f93505d357b94f8f8d93252f785b7,
        type: 3}
      propertyPath: m_LocalPosition.y
      value: 0
      objectReference: {fileID: 0}
    - target: {fileID: 5876103708440103463, guid: 160f93505d357b94f8f8d93252f785b7,
        type: 3}
      propertyPath: m_LocalPosition.z
      value: 0
      objectReference: {fileID: 0}
    - target: {fileID: 5876103708440103463, guid: 160f93505d357b94f8f8d93252f785b7,
        type: 3}
      propertyPath: m_LocalRotation.x
      value: 0
      objectReference: {fileID: 0}
    - target: {fileID: 5876103708440103463, guid: 160f93505d357b94f8f8d93252f785b7,
        type: 3}
      propertyPath: m_LocalRotation.y
      value: 0
      objectReference: {fileID: 0}
    - target: {fileID: 5876103708440103463, guid: 160f93505d357b94f8f8d93252f785b7,
        type: 3}
      propertyPath: m_LocalRotation.z
      value: 0
      objectReference: {fileID: 0}
    - target: {fileID: 5876103708440103463, guid: 160f93505d357b94f8f8d93252f785b7,
        type: 3}
      propertyPath: m_LocalRotation.w
      value: 1
      objectReference: {fileID: 0}
    - target: {fileID: 5876103708440103463, guid: 160f93505d357b94f8f8d93252f785b7,
        type: 3}
      propertyPath: m_RootOrder
      value: 0
      objectReference: {fileID: 0}
    - target: {fileID: 5876103708440103463, guid: 160f93505d357b94f8f8d93252f785b7,
        type: 3}
      propertyPath: m_LocalEulerAnglesHint.x
      value: 0
      objectReference: {fileID: 0}
    - target: {fileID: 5876103708440103463, guid: 160f93505d357b94f8f8d93252f785b7,
        type: 3}
      propertyPath: m_LocalEulerAnglesHint.y
      value: 0
      objectReference: {fileID: 0}
    - target: {fileID: 5876103708440103463, guid: 160f93505d357b94f8f8d93252f785b7,
        type: 3}
      propertyPath: m_LocalEulerAnglesHint.z
      value: 0
      objectReference: {fileID: 0}
    - target: {fileID: 5876103708440103463, guid: 160f93505d357b94f8f8d93252f785b7,
        type: 3}
      propertyPath: m_AnchoredPosition.x
      value: 0
      objectReference: {fileID: 0}
    - target: {fileID: 5876103708440103463, guid: 160f93505d357b94f8f8d93252f785b7,
        type: 3}
      propertyPath: m_AnchoredPosition.y
      value: 0
      objectReference: {fileID: 0}
    - target: {fileID: 5876103708440103463, guid: 160f93505d357b94f8f8d93252f785b7,
        type: 3}
      propertyPath: m_SizeDelta.x
      value: 0
      objectReference: {fileID: 0}
    - target: {fileID: 5876103708440103463, guid: 160f93505d357b94f8f8d93252f785b7,
        type: 3}
      propertyPath: m_SizeDelta.y
      value: 114
      objectReference: {fileID: 0}
    - target: {fileID: 5876103708440103463, guid: 160f93505d357b94f8f8d93252f785b7,
        type: 3}
      propertyPath: m_AnchorMin.x
      value: -0.03
      objectReference: {fileID: 0}
    - target: {fileID: 5876103708440103463, guid: 160f93505d357b94f8f8d93252f785b7,
        type: 3}
      propertyPath: m_AnchorMin.y
      value: 0.98
      objectReference: {fileID: 0}
    - target: {fileID: 5876103708440103463, guid: 160f93505d357b94f8f8d93252f785b7,
        type: 3}
      propertyPath: m_AnchorMax.x
      value: 0.91
      objectReference: {fileID: 0}
    - target: {fileID: 5876103708440103463, guid: 160f93505d357b94f8f8d93252f785b7,
        type: 3}
      propertyPath: m_AnchorMax.y
      value: 0.98
      objectReference: {fileID: 0}
    - target: {fileID: 5876103708440103463, guid: 160f93505d357b94f8f8d93252f785b7,
        type: 3}
      propertyPath: m_Pivot.x
      value: 0.5
      objectReference: {fileID: 0}
    - target: {fileID: 5876103708440103463, guid: 160f93505d357b94f8f8d93252f785b7,
        type: 3}
      propertyPath: m_Pivot.y
      value: 0.5
      objectReference: {fileID: 0}
    - target: {fileID: 5875698455382567607, guid: 160f93505d357b94f8f8d93252f785b7,
        type: 3}
      propertyPath: m_SizeDelta.x
      value: 315.65
      objectReference: {fileID: 0}
    m_RemovedComponents: []
  m_SourcePrefab: {fileID: 100100000, guid: 160f93505d357b94f8f8d93252f785b7, type: 3}
--- !u!224 &5101275617280633209 stripped
RectTransform:
  m_CorrespondingSourceObject: {fileID: 5876103708440103463, guid: 160f93505d357b94f8f8d93252f785b7,
    type: 3}
  m_PrefabInstance: {fileID: 1677382048235529054}
  m_PrefabAsset: {fileID: 0}
--- !u!1001 &1890326240907908816
PrefabInstance:
  m_ObjectHideFlags: 0
  serializedVersion: 2
  m_Modification:
    m_TransformParent: {fileID: 1825244527194366544}
    m_Modifications:
    - target: {fileID: 7904753494986838526, guid: e367f04d310338a41877915eb82cf3c6,
        type: 3}
      propertyPath: m_Name
      value: ButtonIngresar
      objectReference: {fileID: 0}
    - target: {fileID: 7974596667547907564, guid: e367f04d310338a41877915eb82cf3c6,
        type: 3}
      propertyPath: m_LocalPosition.x
      value: 0
      objectReference: {fileID: 0}
    - target: {fileID: 7974596667547907564, guid: e367f04d310338a41877915eb82cf3c6,
        type: 3}
      propertyPath: m_LocalPosition.y
      value: 0
      objectReference: {fileID: 0}
    - target: {fileID: 7974596667547907564, guid: e367f04d310338a41877915eb82cf3c6,
        type: 3}
      propertyPath: m_LocalPosition.z
      value: 0
      objectReference: {fileID: 0}
    - target: {fileID: 7974596667547907564, guid: e367f04d310338a41877915eb82cf3c6,
        type: 3}
      propertyPath: m_LocalRotation.x
      value: 0
      objectReference: {fileID: 0}
    - target: {fileID: 7974596667547907564, guid: e367f04d310338a41877915eb82cf3c6,
        type: 3}
      propertyPath: m_LocalRotation.y
      value: 0
      objectReference: {fileID: 0}
    - target: {fileID: 7974596667547907564, guid: e367f04d310338a41877915eb82cf3c6,
        type: 3}
      propertyPath: m_LocalRotation.z
      value: 0
      objectReference: {fileID: 0}
    - target: {fileID: 7974596667547907564, guid: e367f04d310338a41877915eb82cf3c6,
        type: 3}
      propertyPath: m_LocalRotation.w
      value: 1
      objectReference: {fileID: 0}
    - target: {fileID: 7974596667547907564, guid: e367f04d310338a41877915eb82cf3c6,
        type: 3}
      propertyPath: m_RootOrder
      value: 2
      objectReference: {fileID: 0}
    - target: {fileID: 7974596667547907564, guid: e367f04d310338a41877915eb82cf3c6,
        type: 3}
      propertyPath: m_LocalEulerAnglesHint.x
      value: 0
      objectReference: {fileID: 0}
    - target: {fileID: 7974596667547907564, guid: e367f04d310338a41877915eb82cf3c6,
        type: 3}
      propertyPath: m_LocalEulerAnglesHint.y
      value: 0
      objectReference: {fileID: 0}
    - target: {fileID: 7974596667547907564, guid: e367f04d310338a41877915eb82cf3c6,
        type: 3}
      propertyPath: m_LocalEulerAnglesHint.z
      value: 0
      objectReference: {fileID: 0}
    - target: {fileID: 7974596667547907564, guid: e367f04d310338a41877915eb82cf3c6,
        type: 3}
      propertyPath: m_AnchoredPosition.x
      value: 0
      objectReference: {fileID: 0}
    - target: {fileID: 7974596667547907564, guid: e367f04d310338a41877915eb82cf3c6,
        type: 3}
      propertyPath: m_AnchoredPosition.y
      value: 0
      objectReference: {fileID: 0}
    - target: {fileID: 7974596667547907564, guid: e367f04d310338a41877915eb82cf3c6,
        type: 3}
      propertyPath: m_SizeDelta.x
      value: 270
      objectReference: {fileID: 0}
    - target: {fileID: 7974596667547907564, guid: e367f04d310338a41877915eb82cf3c6,
        type: 3}
      propertyPath: m_SizeDelta.y
      value: 101
      objectReference: {fileID: 0}
    - target: {fileID: 7974596667547907564, guid: e367f04d310338a41877915eb82cf3c6,
        type: 3}
      propertyPath: m_AnchorMin.x
      value: 0.5
      objectReference: {fileID: 0}
    - target: {fileID: 7974596667547907564, guid: e367f04d310338a41877915eb82cf3c6,
        type: 3}
      propertyPath: m_AnchorMin.y
      value: 0
      objectReference: {fileID: 0}
    - target: {fileID: 7974596667547907564, guid: e367f04d310338a41877915eb82cf3c6,
        type: 3}
      propertyPath: m_AnchorMax.x
      value: 0.5
      objectReference: {fileID: 0}
    - target: {fileID: 7974596667547907564, guid: e367f04d310338a41877915eb82cf3c6,
        type: 3}
      propertyPath: m_AnchorMax.y
      value: 0
      objectReference: {fileID: 0}
    - target: {fileID: 7974596667547907564, guid: e367f04d310338a41877915eb82cf3c6,
        type: 3}
      propertyPath: m_Pivot.x
      value: 0.5
      objectReference: {fileID: 0}
    - target: {fileID: 7974596667547907564, guid: e367f04d310338a41877915eb82cf3c6,
        type: 3}
      propertyPath: m_Pivot.y
      value: 0.5
      objectReference: {fileID: 0}
    - target: {fileID: 7791887505980922422, guid: e367f04d310338a41877915eb82cf3c6,
        type: 3}
      propertyPath: m_OnClick.m_PersistentCalls.m_Calls.Array.data[0].m_Target
      value: 
      objectReference: {fileID: 2007913851566239934}
    - target: {fileID: 7791887505980922422, guid: e367f04d310338a41877915eb82cf3c6,
        type: 3}
      propertyPath: m_OnClick.m_PersistentCalls.m_Calls.Array.data[0].m_MethodName
      value: ButtonLogin
      objectReference: {fileID: 0}
    m_RemovedComponents: []
  m_SourcePrefab: {fileID: 100100000, guid: e367f04d310338a41877915eb82cf3c6, type: 3}
--- !u!224 &8399420947905291068 stripped
RectTransform:
  m_CorrespondingSourceObject: {fileID: 7974596667547907564, guid: e367f04d310338a41877915eb82cf3c6,
    type: 3}
  m_PrefabInstance: {fileID: 1890326240907908816}
  m_PrefabAsset: {fileID: 0}
--- !u!114 &8509993311302733030 stripped
MonoBehaviour:
  m_CorrespondingSourceObject: {fileID: 7791887505980922422, guid: e367f04d310338a41877915eb82cf3c6,
    type: 3}
  m_PrefabInstance: {fileID: 1890326240907908816}
  m_PrefabAsset: {fileID: 0}
  m_GameObject: {fileID: 0}
  m_Enabled: 1
  m_EditorHideFlags: 0
  m_Script: {fileID: 1392445389, guid: f70555f144d8491a825f0804e09c671c, type: 3}
  m_Name: 
  m_EditorClassIdentifier: 
--- !u!114 &8744867997575569732 stripped
MonoBehaviour:
  m_CorrespondingSourceObject: {fileID: 7162916589246232468, guid: e367f04d310338a41877915eb82cf3c6,
    type: 3}
  m_PrefabInstance: {fileID: 1890326240907908816}
  m_PrefabAsset: {fileID: 0}
  m_GameObject: {fileID: 0}
  m_Enabled: 1
  m_EditorHideFlags: 0
  m_Script: {fileID: 11500000, guid: f4688fdb7df04437aeb418b961361dc5, type: 3}
  m_Name: 
  m_EditorClassIdentifier: 
--- !u!1001 &3484213012371243047
PrefabInstance:
  m_ObjectHideFlags: 0
  serializedVersion: 2
  m_Modification:
    m_TransformParent: {fileID: 1825097989831523170}
    m_Modifications:
    - target: {fileID: 8185887306327756620, guid: 0c0a979ebc9327b439d849297e42ad64,
        type: 3}
      propertyPath: m_Name
      value: InputFieldContrasenia
      objectReference: {fileID: 0}
    - target: {fileID: 2382633593547799051, guid: 0c0a979ebc9327b439d849297e42ad64,
        type: 3}
      propertyPath: m_LocalPosition.x
      value: 0
      objectReference: {fileID: 0}
    - target: {fileID: 2382633593547799051, guid: 0c0a979ebc9327b439d849297e42ad64,
        type: 3}
      propertyPath: m_LocalPosition.y
      value: 0
      objectReference: {fileID: 0}
    - target: {fileID: 2382633593547799051, guid: 0c0a979ebc9327b439d849297e42ad64,
        type: 3}
      propertyPath: m_LocalPosition.z
      value: 0
      objectReference: {fileID: 0}
    - target: {fileID: 2382633593547799051, guid: 0c0a979ebc9327b439d849297e42ad64,
        type: 3}
      propertyPath: m_LocalRotation.x
      value: 0
      objectReference: {fileID: 0}
    - target: {fileID: 2382633593547799051, guid: 0c0a979ebc9327b439d849297e42ad64,
        type: 3}
      propertyPath: m_LocalRotation.y
      value: 0
      objectReference: {fileID: 0}
    - target: {fileID: 2382633593547799051, guid: 0c0a979ebc9327b439d849297e42ad64,
        type: 3}
      propertyPath: m_LocalRotation.z
      value: 0
      objectReference: {fileID: 0}
    - target: {fileID: 2382633593547799051, guid: 0c0a979ebc9327b439d849297e42ad64,
        type: 3}
      propertyPath: m_LocalRotation.w
      value: 1
      objectReference: {fileID: 0}
    - target: {fileID: 2382633593547799051, guid: 0c0a979ebc9327b439d849297e42ad64,
        type: 3}
      propertyPath: m_RootOrder
      value: 2
      objectReference: {fileID: 0}
    - target: {fileID: 2382633593547799051, guid: 0c0a979ebc9327b439d849297e42ad64,
        type: 3}
      propertyPath: m_LocalEulerAnglesHint.x
      value: 0
      objectReference: {fileID: 0}
    - target: {fileID: 2382633593547799051, guid: 0c0a979ebc9327b439d849297e42ad64,
        type: 3}
      propertyPath: m_LocalEulerAnglesHint.y
      value: 0
      objectReference: {fileID: 0}
    - target: {fileID: 2382633593547799051, guid: 0c0a979ebc9327b439d849297e42ad64,
        type: 3}
      propertyPath: m_LocalEulerAnglesHint.z
      value: 0
      objectReference: {fileID: 0}
    - target: {fileID: 2382633593547799051, guid: 0c0a979ebc9327b439d849297e42ad64,
        type: 3}
      propertyPath: m_AnchoredPosition.x
      value: 412.5
      objectReference: {fileID: 0}
    - target: {fileID: 2382633593547799051, guid: 0c0a979ebc9327b439d849297e42ad64,
        type: 3}
      propertyPath: m_AnchoredPosition.y
      value: -359.03
      objectReference: {fileID: 0}
    - target: {fileID: 2382633593547799051, guid: 0c0a979ebc9327b439d849297e42ad64,
        type: 3}
      propertyPath: m_SizeDelta.x
      value: 100
      objectReference: {fileID: 0}
    - target: {fileID: 2382633593547799051, guid: 0c0a979ebc9327b439d849297e42ad64,
        type: 3}
      propertyPath: m_SizeDelta.y
      value: 80
      objectReference: {fileID: 0}
    - target: {fileID: 2382633593547799051, guid: 0c0a979ebc9327b439d849297e42ad64,
        type: 3}
      propertyPath: m_AnchorMin.x
      value: 0
      objectReference: {fileID: 0}
    - target: {fileID: 2382633593547799051, guid: 0c0a979ebc9327b439d849297e42ad64,
        type: 3}
      propertyPath: m_AnchorMin.y
      value: 1
      objectReference: {fileID: 0}
    - target: {fileID: 2382633593547799051, guid: 0c0a979ebc9327b439d849297e42ad64,
        type: 3}
      propertyPath: m_AnchorMax.x
      value: 0
      objectReference: {fileID: 0}
    - target: {fileID: 2382633593547799051, guid: 0c0a979ebc9327b439d849297e42ad64,
        type: 3}
      propertyPath: m_AnchorMax.y
      value: 1
      objectReference: {fileID: 0}
    - target: {fileID: 2382633593547799051, guid: 0c0a979ebc9327b439d849297e42ad64,
        type: 3}
      propertyPath: m_Pivot.x
      value: 0.5
      objectReference: {fileID: 0}
    - target: {fileID: 2382633593547799051, guid: 0c0a979ebc9327b439d849297e42ad64,
        type: 3}
      propertyPath: m_Pivot.y
      value: 0.5
      objectReference: {fileID: 0}
    - target: {fileID: 3551797170151575430, guid: 0c0a979ebc9327b439d849297e42ad64,
        type: 3}
      propertyPath: m_OnEndEdit.m_PersistentCalls.m_Calls.Array.size
      value: 1
      objectReference: {fileID: 0}
    - target: {fileID: 3551797170151575430, guid: 0c0a979ebc9327b439d849297e42ad64,
        type: 3}
      propertyPath: m_OnEndEdit.m_PersistentCalls.m_Calls.Array.data[0].m_MethodName
      value: set_InputPassword
      objectReference: {fileID: 0}
    - target: {fileID: 3551797170151575430, guid: 0c0a979ebc9327b439d849297e42ad64,
        type: 3}
      propertyPath: m_OnEndEdit.m_PersistentCalls.m_Calls.Array.data[0].m_Arguments.m_ObjectArgumentAssemblyTypeName
      value: UnityEngine.Object, UnityEngine
      objectReference: {fileID: 0}
    - target: {fileID: 3551797170151575430, guid: 0c0a979ebc9327b439d849297e42ad64,
        type: 3}
      propertyPath: m_OnEndEdit.m_PersistentCalls.m_Calls.Array.data[0].m_CallState
      value: 2
      objectReference: {fileID: 0}
    - target: {fileID: 2668552224030619481, guid: 0c0a979ebc9327b439d849297e42ad64,
        type: 3}
      propertyPath: m_text
      value: Contrasenia...
      objectReference: {fileID: 0}
    - target: {fileID: 2668552224030619481, guid: 0c0a979ebc9327b439d849297e42ad64,
        type: 3}
      propertyPath: m_textInfo.characterCount
      value: 14
      objectReference: {fileID: 0}
    - target: {fileID: 905373030552950258, guid: 0c0a979ebc9327b439d849297e42ad64,
        type: 3}
      propertyPath: m_SizeDelta.x
      value: 173.38
      objectReference: {fileID: 0}
    - target: {fileID: 905373030552950258, guid: 0c0a979ebc9327b439d849297e42ad64,
        type: 3}
      propertyPath: m_SizeDelta.y
      value: 33.52
      objectReference: {fileID: 0}
    - target: {fileID: 8993469514242461360, guid: 0c0a979ebc9327b439d849297e42ad64,
        type: 3}
      propertyPath: m_Name
      value: InputFieldContrasenia
      objectReference: {fileID: 0}
    - target: {fileID: 7259141864610929152, guid: 0c0a979ebc9327b439d849297e42ad64,
        type: 3}
      propertyPath: m_Name
      value: PlaceholderContrasenia
      objectReference: {fileID: 0}
    - target: {fileID: 1119347958793321424, guid: 0c0a979ebc9327b439d849297e42ad64,
        type: 3}
      propertyPath: m_Name
      value: "TextContrase\xF1a"
      objectReference: {fileID: 0}
    - target: {fileID: 6792484225604103574, guid: 0c0a979ebc9327b439d849297e42ad64,
        type: 3}
      propertyPath: m_text
      value: Contrasenia
      objectReference: {fileID: 0}
    - target: {fileID: 6792484225604103574, guid: 0c0a979ebc9327b439d849297e42ad64,
        type: 3}
      propertyPath: m_textInfo.characterCount
      value: 11
      objectReference: {fileID: 0}
    m_RemovedComponents: []
  m_SourcePrefab: {fileID: 100100000, guid: 0c0a979ebc9327b439d849297e42ad64, type: 3}
--- !u!224 &1246012650345380396 stripped
RectTransform:
  m_CorrespondingSourceObject: {fileID: 2382633593547799051, guid: 0c0a979ebc9327b439d849297e42ad64,
    type: 3}
  m_PrefabInstance: {fileID: 3484213012371243047}
  m_PrefabAsset: {fileID: 0}
--- !u!114 &76822821819502497 stripped
MonoBehaviour:
  m_CorrespondingSourceObject: {fileID: 3551797170151575430, guid: 0c0a979ebc9327b439d849297e42ad64,
    type: 3}
  m_PrefabInstance: {fileID: 3484213012371243047}
  m_PrefabAsset: {fileID: 0}
  m_GameObject: {fileID: 0}
  m_Enabled: 1
  m_EditorHideFlags: 0
  m_Script: {fileID: 11500000, guid: 2da0c512f12947e489f739169773d7ca, type: 3}
  m_Name: 
  m_EditorClassIdentifier: 
--- !u!114 &1536558006827939710 stripped
MonoBehaviour:
  m_CorrespondingSourceObject: {fileID: 2668552224030619481, guid: 0c0a979ebc9327b439d849297e42ad64,
    type: 3}
  m_PrefabInstance: {fileID: 3484213012371243047}
  m_PrefabAsset: {fileID: 0}
  m_GameObject: {fileID: 0}
  m_Enabled: 1
  m_EditorHideFlags: 0
  m_Script: {fileID: 11500000, guid: f4688fdb7df04437aeb418b961361dc5, type: 3}
  m_Name: 
  m_EditorClassIdentifier: 
--- !u!1001 &8448159929780659435
PrefabInstance:
  m_ObjectHideFlags: 0
  serializedVersion: 2
  m_Modification:
    m_TransformParent: {fileID: 1825097989831523170}
    m_Modifications:
    - target: {fileID: 8185887306327756620, guid: 0c0a979ebc9327b439d849297e42ad64,
        type: 3}
      propertyPath: m_Name
      value: InputFieldUsuario
      objectReference: {fileID: 0}
    - target: {fileID: 2382633593547799051, guid: 0c0a979ebc9327b439d849297e42ad64,
        type: 3}
      propertyPath: m_LocalPosition.x
      value: 0
      objectReference: {fileID: 0}
    - target: {fileID: 2382633593547799051, guid: 0c0a979ebc9327b439d849297e42ad64,
        type: 3}
      propertyPath: m_LocalPosition.y
      value: 0
      objectReference: {fileID: 0}
    - target: {fileID: 2382633593547799051, guid: 0c0a979ebc9327b439d849297e42ad64,
        type: 3}
      propertyPath: m_LocalPosition.z
      value: 0
      objectReference: {fileID: 0}
    - target: {fileID: 2382633593547799051, guid: 0c0a979ebc9327b439d849297e42ad64,
        type: 3}
      propertyPath: m_LocalRotation.x
      value: 0
      objectReference: {fileID: 0}
    - target: {fileID: 2382633593547799051, guid: 0c0a979ebc9327b439d849297e42ad64,
        type: 3}
      propertyPath: m_LocalRotation.y
      value: 0
      objectReference: {fileID: 0}
    - target: {fileID: 2382633593547799051, guid: 0c0a979ebc9327b439d849297e42ad64,
        type: 3}
      propertyPath: m_LocalRotation.z
      value: 0
      objectReference: {fileID: 0}
    - target: {fileID: 2382633593547799051, guid: 0c0a979ebc9327b439d849297e42ad64,
        type: 3}
      propertyPath: m_LocalRotation.w
      value: 1
      objectReference: {fileID: 0}
    - target: {fileID: 2382633593547799051, guid: 0c0a979ebc9327b439d849297e42ad64,
        type: 3}
      propertyPath: m_RootOrder
      value: 1
      objectReference: {fileID: 0}
    - target: {fileID: 2382633593547799051, guid: 0c0a979ebc9327b439d849297e42ad64,
        type: 3}
      propertyPath: m_LocalEulerAnglesHint.x
      value: 0
      objectReference: {fileID: 0}
    - target: {fileID: 2382633593547799051, guid: 0c0a979ebc9327b439d849297e42ad64,
        type: 3}
      propertyPath: m_LocalEulerAnglesHint.y
      value: 0
      objectReference: {fileID: 0}
    - target: {fileID: 2382633593547799051, guid: 0c0a979ebc9327b439d849297e42ad64,
        type: 3}
      propertyPath: m_LocalEulerAnglesHint.z
      value: 0
      objectReference: {fileID: 0}
    - target: {fileID: 2382633593547799051, guid: 0c0a979ebc9327b439d849297e42ad64,
        type: 3}
      propertyPath: m_AnchoredPosition.x
      value: 412.5
      objectReference: {fileID: 0}
    - target: {fileID: 2382633593547799051, guid: 0c0a979ebc9327b439d849297e42ad64,
        type: 3}
      propertyPath: m_AnchoredPosition.y
      value: -270.33
      objectReference: {fileID: 0}
    - target: {fileID: 2382633593547799051, guid: 0c0a979ebc9327b439d849297e42ad64,
        type: 3}
      propertyPath: m_SizeDelta.x
      value: 100
      objectReference: {fileID: 0}
    - target: {fileID: 2382633593547799051, guid: 0c0a979ebc9327b439d849297e42ad64,
        type: 3}
      propertyPath: m_SizeDelta.y
      value: 80
      objectReference: {fileID: 0}
    - target: {fileID: 2382633593547799051, guid: 0c0a979ebc9327b439d849297e42ad64,
        type: 3}
      propertyPath: m_AnchorMin.x
      value: 0
      objectReference: {fileID: 0}
    - target: {fileID: 2382633593547799051, guid: 0c0a979ebc9327b439d849297e42ad64,
        type: 3}
      propertyPath: m_AnchorMin.y
      value: 1
      objectReference: {fileID: 0}
    - target: {fileID: 2382633593547799051, guid: 0c0a979ebc9327b439d849297e42ad64,
        type: 3}
      propertyPath: m_AnchorMax.x
      value: 0
      objectReference: {fileID: 0}
    - target: {fileID: 2382633593547799051, guid: 0c0a979ebc9327b439d849297e42ad64,
        type: 3}
      propertyPath: m_AnchorMax.y
      value: 1
      objectReference: {fileID: 0}
    - target: {fileID: 2382633593547799051, guid: 0c0a979ebc9327b439d849297e42ad64,
        type: 3}
      propertyPath: m_Pivot.x
      value: 0.5
      objectReference: {fileID: 0}
    - target: {fileID: 2382633593547799051, guid: 0c0a979ebc9327b439d849297e42ad64,
        type: 3}
      propertyPath: m_Pivot.y
      value: 0.5
      objectReference: {fileID: 0}
    - target: {fileID: 3551797170151575430, guid: 0c0a979ebc9327b439d849297e42ad64,
        type: 3}
      propertyPath: m_OnEndEdit.m_PersistentCalls.m_Calls.Array.size
      value: 1
      objectReference: {fileID: 0}
    - target: {fileID: 3551797170151575430, guid: 0c0a979ebc9327b439d849297e42ad64,
        type: 3}
      propertyPath: m_OnEndEdit.m_PersistentCalls.m_Calls.Array.data[0].m_MethodName
      value: set_InputUser
      objectReference: {fileID: 0}
    - target: {fileID: 3551797170151575430, guid: 0c0a979ebc9327b439d849297e42ad64,
        type: 3}
      propertyPath: m_OnEndEdit.m_PersistentCalls.m_Calls.Array.data[0].m_Arguments.m_ObjectArgumentAssemblyTypeName
      value: UnityEngine.Object, UnityEngine
      objectReference: {fileID: 0}
    - target: {fileID: 3551797170151575430, guid: 0c0a979ebc9327b439d849297e42ad64,
        type: 3}
      propertyPath: m_OnEndEdit.m_PersistentCalls.m_Calls.Array.data[0].m_CallState
      value: 2
      objectReference: {fileID: 0}
    - target: {fileID: 905373030552950258, guid: 0c0a979ebc9327b439d849297e42ad64,
        type: 3}
      propertyPath: m_SizeDelta.x
      value: 111.7
      objectReference: {fileID: 0}
    - target: {fileID: 905373030552950258, guid: 0c0a979ebc9327b439d849297e42ad64,
        type: 3}
      propertyPath: m_SizeDelta.y
      value: 33.52
      objectReference: {fileID: 0}
    m_RemovedComponents: []
  m_SourcePrefab: {fileID: 100100000, guid: 0c0a979ebc9327b439d849297e42ad64, type: 3}
--- !u!224 &6065561529499508448 stripped
RectTransform:
  m_CorrespondingSourceObject: {fileID: 2382633593547799051, guid: 0c0a979ebc9327b439d849297e42ad64,
    type: 3}
  m_PrefabInstance: {fileID: 8448159929780659435}
  m_PrefabAsset: {fileID: 0}
--- !u!114 &4933517501689277293 stripped
MonoBehaviour:
  m_CorrespondingSourceObject: {fileID: 3551797170151575430, guid: 0c0a979ebc9327b439d849297e42ad64,
    type: 3}
  m_PrefabInstance: {fileID: 8448159929780659435}
  m_PrefabAsset: {fileID: 0}
  m_GameObject: {fileID: 0}
  m_Enabled: 1
  m_EditorHideFlags: 0
  m_Script: {fileID: 11500000, guid: 2da0c512f12947e489f739169773d7ca, type: 3}
  m_Name: 
  m_EditorClassIdentifier: 
--- !u!114 &5779664964699526066 stripped
MonoBehaviour:
  m_CorrespondingSourceObject: {fileID: 2668552224030619481, guid: 0c0a979ebc9327b439d849297e42ad64,
    type: 3}
  m_PrefabInstance: {fileID: 8448159929780659435}
  m_PrefabAsset: {fileID: 0}
  m_GameObject: {fileID: 0}
  m_Enabled: 1
  m_EditorHideFlags: 0
  m_Script: {fileID: 11500000, guid: f4688fdb7df04437aeb418b961361dc5, type: 3}
  m_Name: 
  m_EditorClassIdentifier: 
